2572 4200
94 272 99 279 ·
122 241 164 304 12
505 253 551 300 us
572 251 679 297 samo
700 248 849 296 carnee.

123 414 247 476 nihilo²⁶
259 419 362 473 tamen
381 412 478 472 setius
492 411 689 491 principibus
701 409 904 470 Trevirorum
920 409 959 470 ad
974 429 1004 470 se
1017 410 1239 484 convocatis,”

123 506 181 567 hos
197 504 382 583 singillatim
399 503 594 583 Cingetorigi
617 502 812 562 conciliavit:
834 502 917 580 quod
938 522 1011 562 curn
1032 503 1147 563 merito
1162 505 1236 582 ejus

93 670 95 674 y
124 599 162 657 ab
174 617 204 657 se
219 596 285 656 fieri
300 595 536 676 intellegebam·
548 599 618 654 tum
633 595 740 674 magui
756 594 927 654 interesse*¹⁹
938 595 1152 654 arbitrabatur
1163 596 1235 674 ejus

123 691 344 750 auctoritatem
373 689 457 748 inter
480 707 550 748 suos
572 685 890 766 (11111111’11111111111111180
913 686 1024 759 valere,
1048 687 1141 765 cujus
1163 691 1234 748 tam

122 783 275 860 egregiam
291 782 326 840 in
343 801 373 841 se
388 781 586 841 voluntatem
600 777 835 858 pe1·spexisset.⁸¹
862 777 915 837 -Id
933 780 1007 838 tulit
1022 779 1144 839 sactum
1159 799 1235 857 gra·

126 875 202 933 viter
217 873 455 933 indutiomarus
467 891 557 932 suam
568 871 703 950 gratiam
714 870 798 930 inter
809 888 881 930 suos
895 870 996 930 minui
1006 870 1038 945 3⁸²
1050 876 1081 931 et
1095 873 1151 952 qui
1165 873 1235 952 jam

123 970 195 1026 ante
211 966 340 1026 inimico
355 965 389 1025 in
405 983 463 1026 nos
484 964 590 1025 animo
606 961 749 1035 fuisset‚⁸³
764 962 866 1022 multo
880 963 1006 1042 gravius
1027 963 1087 1025 hoc
1102 963 1236 1026 dolore“

124 1058 249 1117 exarsit.

165 1150 205 1210 V.
230 1150 291 1210 His
304 1151 397 1210 rebus
412 1149 595 1210 constitutis
614 1147 725 1208 Caesar
745 1147 785 1207 ad
804 1150 933 1226 portum
954 1148 1077 1209 ltium⁸⁸
1091 1167 1168 1210 eum
1191 1150 1236 1210 lc·

125 1242 273 1323 gionibus
294 1240 469 1321 pervenit.⁸⁸
519 1241 567 1302 Ibi
591 1240 751 1320 cognoscit
774 1254 818 1298 Lx
839 1259 932 1302 naves
955 1261 1034 1320 quae
1057 1243 1091 1300 in
1117 1241 1237 1304 Meldis

126 1337 224 1395 sactae
248 1337 339 1394 erant
362 1337 543 1412 tempestate
567 1334 696 1412 rejectas
719 1350 847 1392 cursum
876 1335 981 1393 tenere
1005 1353 1070 1393 non
1092 1336 1237 1412 potuisse

125 1435 219 1506 atque
235 1427 342 1487 eodem
363 1426 448 1486 unde
462 1430 552 1487 erant
571 1426 730 1504 proiectae
751 1423 929 1485 revertisse:
951 1427 1085 1504 reliquas
1107 1437 1238 1505 paratas

125 1520 170 1578 ad·
194 1519 432 1598 navigandum⁸⁷
461 1524 555 1597 atque
584 1517 731 1577 omnibus
765 1517 859 1577 rebus
893 1517 1065 1579 instructas
1100 1519 1238 1582 invenit.

126 1611 245 1671 Eodem
259 1612 420 1690 equitatus
441 1612 540 1671 totius
556 1609 674 1670 Galliae
691 1608 840 1669 convenit
861 1611 1016 1670 numero⁸⁸
1031 1609 1183 1670 milium⁸⁹
1200 1629 1239 1674 lv

125 1703 345 1782 principesque
366 1723 403 1763 ex
427 1704 576 1764 omuibus
603 1700 805 1762 civitatibus:
834 1722 870 1763 ex
892 1702 1030 1782 quibus⁰⁰
1052 1721 1238 1780 perpaucos,

127 1814 261 1874 quorum
283 1796 317 1855 in
340 1814 369 1855 se
384 1795 479 1855 fidem
499 1796 706 1874 perspexerat,
722 1797 897 1875 relinquere
919 1796 953 1855 in
970 1795 1081 1867 Gallia,
1097 1795 1241 1875 reliquos

127 1888 272 1948 obsidum
295 1889 383 1948 loco⁹¹
401 1907 505 1948 secum
528 1888 641 1949 ducere
656 1890 842 1963 decreverat,
858 1887 951 1966 quod,
967 1907 1040 1947 cum
1063 1890 1128 1967 ipse
1149 1892 1240 1952 abes·

127 1981 205 2052 sct,⁹²
221 1983 344 2040 motum
361 1980 479 2041 Galliae
493 1981 666 2041 verebatur.

168 2072 223 2132 Vl.
245 2073 322 2131 Erat
337 2092 402 2133 una
416 2092 490 2133 cum
504 2074 615 2133 ceteris
630 2071 808 2133 Dumnorix
822 2073 961 2146 Aeduus,
977 2073 1014 2133 de
1030 2081 1183 2158 quoante
1198 2076 1244 2136 ab

161 2281 182 2309 '⁸
196 2281 308 2331 Nihilo:
329 2282 371 2330 18.
405 2282 436 2332 G.
449 2281 505 2333 400.
693 2284 727 2332 be
740 2283 871 2348 regarded
887 2299 917 2332 as
928 2283 1008 2332 verbs
1020 2283 1050 2330 oi
1066 2283 1165 2346 saying
1183 2285 1241 2334 and

162 2347 182 2373 '⁷
195 2346 372 2408 Principibus
393 2347 572 2398 convocatis:
598 2349 668 2397 Asa
694 2348 802 2398 thinkin
826 2349 908 2404 ,561Ι
942 2348 972 2396 G.
985 2349 1040 2412 533.

128 2413 198 2471 ruia,
213 2411 260 2459 the
275 2413 393 2461 ablativa
405 2412 529 2462 absolute
541 2413 604 2462 does
621 2418 668 2461 not
726 2412 746 2439 ⁸³
759 2415 815 2474 Qut
833 2412 946 2462 suisset:
965 2413 1035 2460 Here
1048 2412 1196 2474 qui:0um
1214 2415 1239 2463 is

129 2478 208 2527 stand
221 2476 300 2525 when
316 2478 338 2525 it
355 2479 379 2526 is
397 2478 524 2526 identical
536 2477 603 2526 with
621 2478 668 2526 the
694 2480 724 2528 oi
740 2486 865 2536 contrast,
877 2479 996 2527 eolrcrcur.
1031 2479 1061 2526 (1.
1075 2479 1130 2527 637.

130 2544 244 2606 subject,
254 2543 352 2604 object,
361 2558 391 2590 or
403 2543 555 2606 dependent
568 2557 627 2591 case
640 2544 669 2591 ot
727 2543 746 2570 ⁸⁴
758 2545 823 2592 Hoc
843 2542 1055 2604 dolore:hujua
1071 2543 1112 2589 rei
1131 2543 1239 2607 dolore,

130 2608 177 2655 the
188 2608 259 2656 verb.
289 2607 668 2670 Exceptionsoccur,ashere‚
695 2610 761 2658 255.
795 2609 983 2665 (laeana

130 2674 174 2720 for
186 2671 232 2719 the
251 2673 315 2720 sake
336 2673 366 2720 oi
386 2673 520 2722 cleamess
533 2688 563 2721 or
579 2673 668 2722 livcli-
729 2674 759 2721 V.
771 2673 791 2700 ⁸⁶
803 2675 851 2722 Ad
871 2677 982 2735 portum
1003 2672 1101 2722 ltium:
1123 2672 1170 2721 39.
1207 2675 1239 2722 G.

129 2753 201 2795 uess¹
214 2739 277 2785 541.
311 2736 342 2786 G.
355 2737 411 2794 409,
427 2738 490 2788 R.3.
695 2739 830 2794 410.R.2.

164 2801 268 2848 reum
300 2801 486 2864 intellegebat,
514 2806 575 2851 tum
600 2802 671 2851 arbi·
729 2803 864 2854 *rcaesar
880 2818 944 2850 cum
960 2802 1116 2864 legionibus
1136 2816 1241 2863 perve-

131 2868 272 2914 trabatur-:
309 2867 389 2930 eum,
425 2873 470 2918 act
504 2869 670 2931 early-tum,
696 2869 751 2919 nit:
769 2871 814 2918 46.
849 2870 878 2917 (l.
894 2870 952 2927 281,
964 2869 994 2918 R.
1010 2869 1032 2916 2.

131 2933 175 2980 bat
200 2931 254 2980 aleo
277 2933 333 2980 arrd
362 2933 506 2998 especially,
529 2934 595 2982 665.
639 2934 670 2983 G.
730 2933 879 2982 ⁸⁷Paratas
898 2934 934 2981 ad
954 2931 1158 2994 navigandum:
1183 2934 1241 2997 Ad,

131 2998 185 3048 5811,
697 3000 764 3048 with
785 3000 938 3048 accusative
958 3000 1081 3046 alterari
1101 2998 1241 3059 adjective

165 3061 185 3087 ⁷⁹
199 3061 300 3122 Magni
311 3063 460 3113 interesse:
476 3067 597 3114 Interest
608 3080 670 3128 may
697 3066 849 3128 signiiying
864 3065 965 3112 fitness.
1009 3063 1100 3124 Cornp.
1114 3062 1159 3110 28.
1207 3065 1239 3112 G.

131 3129 195 3176 take
206 3126 252 3175 the
264 3129 384 3189 garritive
396 3130 425 3177 oi
438 3131 517 3179 velue
527 3131 557 3178 oi
568 3130 614 3179 the
627 3131 669 3178 de·
697 3131 753 3186 3511,
769 3131 796 3178 R.
812 3131 832 3179 3.

132 3208 195 3256 gree
208 3193 238 3239 of
255 3207 376 3251 concern,
388 3194 435 3242 the
453 3196 605 3244 accusative
618 3195 671 3244 and
730 3194 750 3220 ‘⁴⁸
761 3197 902 3243 Numero:
920 3193 1080 3242 Pleonastic.
1114 3193 1143 3241 G.
1159 3194 1217 3243 692.

133 3257 267 3305 intinitive
280 3258 310 3305 ot
328 3259 375 3308 tire
392 3260 482 3324 object
499 3262 529 3309 of
550 3275 670 3309 concern.
730 3259 749 3285 ‘¹'
763 3259 878 3308 Milium
895 3259 1015 3322 depends
1029 3274 1064 3305 orr
1082 3261 1242 3317 equitatus·

134 3321 232 3370 (1382.
697 3326 842 3374 Genitivus
854 3325 968 3387 generis.
1005 3323 1105 3380 (1.367,
1122 3323 1149 3370 a

134 3385 185 3501 RQ
200 3388 291 3445 Quam
307 3388 472 3449 plurimum:
501 3391 527 3439 7.
561 3390 591 3439 G.
614 3391 671 3450 317,
729 3389 814 3437 ⁰⁰Ex
834 3389 948 3452 quibus:
979 3389 1023 3436 52.
1075 3388 1106 3437 G.
1126 3389 1185 3446 371,
1210 3390 1242 3441 R.

161 3495 163 3499 .
695 3457 717 3505 5.

167 3516 185 3542 ‘¹
201 3517 545 3579 (leque-perspexisset:
579 3519 672 3580 Qui:
732 3519 901 3568 ”obsidum
933 3519 1015 3568 loeo;
1053 3520 1139 3579 Loco,
1172 3521 1244 3570 used.

136 3596 197 3630 cum
217 3582 241 3629 is
259 3584 336 3632 takes
353 3584 399 3632 the
413 3584 594 3647 subjunctive,
610 3585 674 3648 181,
699 3584 931 3647 metaphorically.
948 3584 1088 3647 generally
1104 3585 1186 3633 omits
1203 3586 1243 3650 in¹

137 3648 199 3706 575,
236 3649 265 3696 G.
280 3649 335 3698 036.
701 3650 766 3699 339.
800 3648 945 3707 eae-ara.

168 3710 187 3736 ⁸²
201 3713 277 3760 Tulit
305 3712 430 3773 graviter
457 3727 535 3763 suam
559 3714 675 3776 gratiam
733 3714 754 3740 ⁸²
767 3715 839 3761 Cum
852 3715 976 3761 abesset:
994 3713 1133 3761 O.R.cum
1147 3716 1243 3780 abero,

136 3776 240 3826 minui:
259 3776 345 3826 Verbs
362 3779 392 3825 of
410 3780 528 3827 emotiou
548 3780 610 3828 take
627 3780 674 3828 the
700 3791 729 3828 as
746 3780 900 3826 verebatur
917 3780 1040 3827 involves
1057 3793 1072 3825 a
1090 3780 1184 3829 future
1200 3797 1247 3832 111)

135 3844 288 3891 accusative
299 3843 351 3890 aud
359 3841 493 3892 infinitivo
502 3860 531 3893 as
539 3844 603 3909 they
612 3860 673 3907 may
700 3846 763 3893 tion.
799 3844 899 3899 (1.515,
915 3843 944 3893 il.
959 3846 980 3894 a.
