2572 4200
118 218 159 284 18
499 237 545 284 un
567 237 673 284 asmo
696 237 844 285 arnmoo.

156 391 213 451 XI.
235 391 295 450 His
307 391 398 450 rebus
411 391 545 469 cognitis
557 392 668 452 Caesar
681 393 819 472 legiones
830 394 1068 473 equitatumque
1079 393 1221 456 revocari

117 487 210 561 atque
224 482 335 542 itinere
351 483 531 543 desistere¹⁷⁶
542 484 642 564 jubet,
659 484 723 563 ipse
738 485 777 545 ad
799 505 893 546 naves
907 485 1088 546 revertitur:
1110 486 1221 549 eadem

117 576 180 635 sere
196 595 274 654 quae
289 595 325 634 ex
348 577 471 636 nuntiis
491 576 667 655 litterisque
683 580 871 656 cognoverat
886 597 987 638 coram
1003 579 1162 657 perspicit,
1176 578 1224 639 sic

116 669 188 727 ut¹⁷⁷
203 668 324 727 amissis
345 668 469 727 circiter
491 684 534 727 ΧΙ.
557 669 723 729 navibus¹⁷⁸
738 669 874 748 reliquae
896 673 1002 729 tamen
1024 671 1109 730 refici
1130 690 1225 749 posse

117 779 233 840 magno
246 760 372 838 negotio
388 759 578 820 viderentur.
621 761 731 841 Itaque
745 781 783 821 ex
798 762 974 841 legionibus
994 762 1096 822 fabros
1112 763 1226 842 deligit
1257 800 1261 810 ·

117 856 148 912 et
162 872 199 911 ex
215 852 391 912 continenti
405 853 482 912 alios
504 854 615 913 arcessi
633 855 741 934 jubet3
765 854 902 921 Labieno
917 855 1025 914 scribit
1040 855 1111 913 ut¹¹⁹
1125 874 1227 934 quam

118 944 304 1024 plurimas¹¹³⁰
318 947 422 1022 posset
443 945 481 1004 iis
499 945 685 1023 legionibus,
701 966 778 1024 quac
801 946 910 1006 sunt¹³¹
926 947 1009 1025 apud
1031 966 1112 1019 eum,
1127 967 1227 1007 naves

117 1035 313 1096 instituat.¹⁸²
356 1035 426 1113 Ipse
451 1038 507 1097 etsi
533 1056 581 1097 res
606 1038 706 1097 erat¹⁸³
728 1041 847 1099 multae
871 1039 1013 1117 operae¹⁸⁴
1036 1059 1072 1099 ac
1096 1040 1226 1113 laboris,

118 1132 223 1188 tumen
247 1129 538 1189 commodissimum
561 1149 625 1190 esse
648 1133 761 1190 statuit
784 1151 891 1191 omues
914 1151 1007 1192 naves
1032 1132 1165 1192 subduci
1192 1136 1227 1192 et

117 1239 188 1280 cum
212 1223 320 1280 castris
342 1240 406 1280 uua
426 1222 605 1281 munitione
620 1222 816 1301 conjungi.¹⁸⁸
858 1225 894 1283 lu
916 1223 966 1282 his
987 1225 1079 1282 rebus
1098 1224 1227 1284 circiter

117 1313 181 1373 dies
202 1330 225 1373 x
248 1314 416 1385 corisumit
431 1334 470 1373 ne
485 1314 652 1373 nocturnis
667 1315 793 1391 quidem
808 1316 1003 1392 temporibus
1024 1315 1063 1375 ad
1085 1316 1228 1376 laborem

116 1406 256 1465 militum
291 1405 486 1467 intermissis.
543 1404 715 1466 Subductis
743 1406 874 1466 navibus
903 1407 1073 1484 castrisque
1101 1409 1227 1487 egregie

116 1498 250 1557 munitis
268 1498 389 1557 easdem
406 1498 511 1576 copias
525 1517 603 1576 quas
625 1502 697 1557 aute
719 1499 872 1576 praesidio
894 1499 1061 1558 navibus¹⁸⁸
1075 1500 1228 1577 reliquit:

115 1592 181 1669 ipse
196 1589 303 1650 eodem
326 1591 411 1650 unde
432 1590 565 1650 redierat
586 1590 804 1669 proficiscitur.
846 1592 893 1651 Eo
909 1611 982 1651 cum
998 1591 1144 1664 venisset,
1160 1612 1229 1652 ma-

115 1685 196 1765 jores
208 1683 275 1762 jam
290 1683 430 1761 undique
445 1684 478 1741 in
494 1702 565 1742 eum
587 1683 693 1742 locum
708 1684 813 1760 copiae
829 1683 1058 1743 Britannorum
1073 1702 1229 1744 couvene-

116 1779 198 1848 rant,
213 1795 337 1834 summa
358 1775 482 1852 imperii
503 1775 637 1853 bellique
659 1775 901 1842 administrandi
918 1776 1078 1835 communi
1094 1777 1229 1837 consilio

115 1868 267 1946 permissu
288 1866 531 1939 CassivellaunO,
553 1867 644 1945 cujus
667 1868 745 1927 fines
773 1887 791 1926 a
819 1868 987 1927 maritimis
1009 1867 1229 1928 civitatibus¹⁸¹

116 1961 236 2020 flumen
251 1959 373 2031 dividit,
388 1958 473 2037 quod
494 1958 671 2037 appellatur
686 1960 835 2030 Tamesis,
850 1978 869 2018 a
890 1960 969 2018 mari
992 1960 1115 2018 circiter
1137 1961 1229 2022 milia

116 2070 266 2132 passuum
285 2049 422 2110 uxxx.¹⁸³
463 2049 550 2111 Huic
573 2051 731 2128 superioro
744 2055 883 2125 tempore
906 2071 979 2110 cum
1001 2052 1129 2129 reliquis
1151 2053 1228 2113 oiri·

117 2145 237 2204 tatibus
260 2144 458 2202 continentia
483 2143 564 2202 bella
590 2143 847 2218 intercesseraut3
882 2143 935 2202 sed
958 2147 1063 2202 nostro
1086 2144 1227 2206 adventu

116 2235 285 2315 permoti¹⁸⁹
301 2234 449 2294 Britanni
464 2234 552 2294 huuc
567 2234 627 2293 toti
641 2234 722 2294 bello
737 2236 929 2313 imperioque
944 2235 1165 2312 praefecerant.

150 2450 196 2501 ΧΙ.
211 2449 358 2498 ¹⁷⁶1tinere
376 2447 523 2499 desistere:
547 2447 655 2510 Separa-
718 2446 744 2473 ¹⁸³
757 2448 822 2496 Etsi
840 2463 886 2496 res
904 2450 981 2496 erat:
1003 2447 1029 2495 (¹.
1043 2447 1088 2505 iv„
1103 2447 1148 2495 72.
1193 2447 1227 2498 G.

118 2519 175 2565 tive
197 2517 316 2564 ablativo
340 2513 455 2562 without
483 2514 657 2576 preposition,
684 2513 738 2561 606.

119 2579 475 2629 alteraverbolremoral.
510 2578 609 2627 (1388.
718 2577 744 2603 ¹⁸⁴
756 2579 867 2626 Multae
890 2591 1008 2639 operae:
1045 2578 1173 2626 Genitive
1197 2577 1228 2626 ot

153 2645 181 2672 ¹²³
196 2645 241 2694 stc
252 2649 296 2692 ut:
315 2644 477 2692 Restrictive
489 2643 545 2691 like
562 2643 603 2690 ira
621 2645 657 2704 ut,
683 2644 789 2707 quality
808 2645 836 2691 in
855 2643 903 2691 the
926 2644 1070 2706 predicate,
1094 2642 1158 2690 597.
1195 2644 1228 2693 G.

320 2711 332 2736 y·
684 2711 689 2726 r

119 2708 459 2823 anfflylibrisbisoddbiiiug:
479 2773 536 2822 The
553 2774 659 2836 partici-
684 2709 745 2799 3623
760 2775 832 2822 Oum
854 2773 953 2821 castris
976 2772 1123 2834 conjungi:
1147 2772 1228 2822 Com·

58 2876 60 2880 ι
120 2843 165 2906 ple
177 2856 239 2903 may
251 2841 283 2888 be
296 2839 362 2887 used
374 2839 403 2886 iu
415 2853 431 2885 a
443 2841 596 2887 concessive
606 2838 658 2900 (ad-
684 2840 790 2902 pounds
809 2838 877 2886 with
894 2851 948 2885 con
966 2838 1135 2900 (muz-cum)
1155 2853 1228 2886 com·

121 2908 254 2955 versativo
272 2903 368 2963 sense).
407 2903 441 2952 So
453 2919 506 2966 auy
519 2903 658 2951 adverbial
684 2905 777 2967 mouly
795 2909 887 2965 repeat
905 2903 951 2951 the
969 2904 1144 2965 preposition,
1159 2902 1228 2967 254,

120 2972 257 3026 modilier;
272 2983 371 3030 magno
383 2970 505 3030 negotio,
515 2969 576 3018 out
582 2972 659 3032 preat
686 2968 748 3030 391,
761 2970 825 3017 607.
859 2969 890 3018 G.
904 2970 962 3023 346,
974 2968 1004 3016 R.
1019 2969 1041 3016 1.

121 3037 226 3094 trouble,
240 3035 374 3084 itistrue.
409 3035 440 3084 G.
453 3035 507 3084 670.
720 3033 747 3060 ¹⁸⁶
759 3033 905 3082 Praesidio
937 3034 1077 3081 navibus:
1119 3032 1228 3082 Double

156 3100 184 3127 ¹⁷⁹
199 3100 302 3149 Scribit
314 3103 358 3147 ut:
373 3100 433 3162 Any
446 3095 514 3147 verb'
524 3100 590 3148 used
602 3114 631 3146 as
644 3113 660 3147 a
685 3101 784 3154 dative,
796 3114 816 3148 c.
829 3100 858 3157 i.,
872 3099 918 3147 22.
952 3100 982 3147 G.
996 3098 1044 3147 350

121 3166 187 3216 verb
204 3166 233 3214 of
251 3165 307 3212 will
325 3179 353 3211 or
373 3163 461 3212 desire
481 3179 544 3227 may
556 3164 627 3213 lruve
644 3179 660 3211 a
720 3164 748 3190 ¹⁸¹
760 3165 788 3211 A
799 3164 943 3211 maritimis
956 3162 1133 3211 civitatibus:
1152 3163 1229 3213 Com-

123 3232 351 3294 complement-ary
382 3229 447 3277 final
482 3229 579 3280 clause.
628 3228 658 3276 G.
686 3230 791 3292 pounds
814 3229 882 3276 with
914 3229 957 3276 dis
991 3228 1049 3288 (di),
1072 3228 1228 3292 commonly

122 3297 177 3346 stt.
686 3296 750 3343 take
770 3296 805 3342 ab
826 3293 892 3341 with
916 3295 1043 3350 ablativo,
1064 3292 1127 3339 210.
1169 3292 1230 3341 The

156 3359 183 3387 ¹⁸⁰
196 3362 287 3420 Quam
304 3359 451 3420 plurimas:
476 3359 503 3408 C.
521 3359 547 3419 i.,
567 3360 592 3407 7.
626 3359 657 3409 G.
687 3359 777 3408 dative
789 3361 812 3407 is
825 3360 948 3421 poetical.
983 3359 1014 3406 (1.
1027 3358 1083 3406 388.

121 3426 179 3480 817,
190 3425 222 3475 R.
721 3424 748 3450 ns
759 3424 845 3473 Milia
856 3425 953 3472 lxxx-z
972 3423 1097 3471 Distance
1108 3420 1173 3469 how
1186 3424 1231 3472 far

157 3488 183 3518 ¹⁸¹
194 3491 272 3549 Quae
288 3493 351 3538 sunt
368 3490 443 3550 apud
461 3504 540 3539 eum:
559 3490 659 3538 ludica·
687 3491 711 3539 is
722 3495 772 3553 put
789 3492 816 3537 in
834 3489 880 3537 the
892 3489 1053 3545 accusative,
1068 3501 1088 3535 c.
1102 3487 1148 3544 ix„
1166 3488 1231 3536 159.

122 3558 179 3606 tive
191 3557 305 3604 because
318 3556 339 3602 it
357 3556 380 3602 is
396 3570 432 3602 an
444 3555 618 3616 explanation
631 3555 661 3602 of
688 3556 719 3604 (t.
732 3556 822 3610 31172.

123 3621 171 3670 tlre
188 3620 316 3675 author’s,
332 3619 396 3669 642.
432 3620 518 3668 'l'ense
531 3626 559 3667 to
570 3619 662 3667 match
722 3619 749 3646 ¹⁸⁹
763 3618 901 3667 Permoti:
920 3617 977 3666 The
990 3619 1102 3679 moving
1111 3631 1193 3665 cause
1205 3618 1231 3668 is

122 3685 228 3736 scribit.
262 3685 293 3734 G.
306 3685 362 3740 630,
377 3685 408 3734 R.
422 3686 443 3734 1.
687 3685 763 3733 often
776 3683 920 3746 expressed
934 3683 968 3745 by
977 3698 993 3728 a
1006 3683 1147 3744 participle
1158 3682 1230 3732 with

158 3750 185 3776 ¹⁸²
198 3749 479 3800 Posset-instituat:
515 3749 543 3799 (l.
567 3751 593 3810 i.‚
621 3750 662 3796 12.
687 3749 736 3798 the
764 3749 892 3806 ablativo,
915 3747 961 3810 62,
984 3747 1049 3795 278.
1115 3746 1147 3796 G.
1171 3745 1231 3808 407,
