2572 4200
511 219 783 275 transnaturus
1095 222 1098 228 ·
1156 207 1196 271 29

87 405 178 448 mum
194 387 222 450 ei
236 388 378 450 confiteri
400 388 519 463 debere,
535 391 620 472 quod
634 393 701 473 ejus
716 413 809 472 opera
831 395 987 475 stipendio
1008 395 1196 460 liberatus⁸⁸⁸

87 483 169 540 esset
183 481 268 558 quod
282 481 460 543 Aduatueis
481 483 627 544 finitimis
649 487 714 546 suis
735 489 870 564 pondere
885 492 1078 550 consuesset:
1099 490 1195 570 quod·

87 593 149 653 que
164 575 192 657 ei
214 577 246 633 et
266 575 351 635 filius
366 586 397 634 et
411 575 517 636 fratris
538 576 623 638 filius
643 578 682 638 ab
698 578 828 638 Caesare
850 580 970 640 remissi
992 585 1104 653 essent,
1118 601 1196 660 quos

87 665 249 726 Aduatuci
275 666 421 726 obsidum
444 669 611 729 numerem
638 671 748 730 missos
775 673 858 749 apud
883 692 914 731 se
939 673 974 731 in
1000 676 1151 734 servitute
1166 680 1197 735 et

87 759 242 818 catenis³⁴⁰
265 760 457 824 tenuissent:
486 779 585 840 neque
607 762 639 821 id
665 763 749 840 quod
774 763 882 823 lecerit
903 765 941 824 de
962 768 1197 844 oppugnatione

87 856 264 909 ettstrorum
285 855 341 910 aut
358 850 479 930 judicio
501 853 590 912 aut³⁴¹
614 854 776 914 voluntate
799 875 855 914 sua
876 856 993 927 fecisse,
1009 856 1063 916 sed
1084 864 1194 917 eoactu

87 943 245 1017 eivitatis3
268 963 385 1024 suaque
400 964 463 1005 esso
479 945 633 1023 ejusmodi
649 946 780 1023 imperia
802 958 839 1007 ut
861 967 923 1007 non
947 950 1054 1008 ninius
1069 949 1197 1008 haberet

86 1035 168 1114 juris
189 1035 224 1094 in
247 1055 276 1096 se
291 1037 466 1096 multitudo
482 1037 612 1115 quam³⁴²
628 1039 693 1116 ipse
714 1039 747 1098 in
770 1041 1025 1100 multitudinem.
1068 1040 1197 1100 Civitati

87 1147 181 1206 porro
202 1127 319 1187 hano³⁴⁸
342 1129 437 1188 fuisse
462 1129 536 1188 belli
559 1149 695 1204 oausam,
718 1131 802 1209 quod
827 1133 1009 1210 repentinae
1032 1133 1196 1194 Gallorum

88 1219 304 1298 conjurationi
328 1220 468 1280 resistere
489 1241 553 1281 non
576 1223 760 1300 potuerit.³“
802 1223 841 1283 Id
862 1243 892 1284 se
908 1225 998 1284 facile
1012 1245 1050 1284 ex
1068 1225 1196 1286 humili·

88 1425 189 1484 porter,
203 1425 249 1468 not
266 1433 301 1468 an
318 1418 476 1482 infrequent
492 1419 628 1480 deviation
655 1433 762 1484 moneo,
784 1433 833 1469 oro
851 1421 988 1469 Titurium
1008 1435 1057 1483 pro
1077 1419 1196 1484 hospitio

89 1486 118 1534 in
131 1485 259 1548 CAESAR)
271 1489 298 1533 et
315 1485 388 1533 filius
400 1489 427 1533 et
446 1486 539 1533 fratris
556 1484 629 1532 filius
657 1491 688 1532 ut
706 1501 770 1535 suae
787 1501 820 1534 ac
836 1486 956 1534 militum
969 1486 1052 1535 saluti
1064 1487 1195 1536 consulat.

88 1551 124 1599 ab
134 1551 247 1599 Caesare
258 1549 368 1597 remissi
380 1552 452 1612 sunt,
461 1564 529 1612 quos
541 1549 639 1598 Adam.
655 1552 762 1611 Magna
773 1564 870 1599 manus
879 1551 1074 1598 Germanorum
1085 1551 1196 1599 conduc·

88 1616 147 1664 tuci
166 1614 291 1663 obsidum
309 1629 422 1664 numero
439 1616 537 1664 missos
556 1614 630 1676 apud
655 1621 684 1663 ta
708 1615 834 1664 Rhenum
860 1613 987 1678 transm
1016 1614 1082 1664 haec
1109 1615 1196 1664 aderit

89 1696 120 1732 se
131 1682 160 1728 in
172 1681 304 1730 servitute
314 1686 341 1728 et
353 1680 455 1728 catenis
466 1682 629 1742 tenuerant3
656 1681 746 1730 biduo.
780 1681 913 1728 Vestrum
923 1680 1063 1742 (ipsorum)
1075 1686 1117 1730 est
1135 1696 1194 1729 con·

88 1761 178 1808 neque
190 1745 218 1794 id
229 1745 301 1807 quod
318 1742 373 1791 feci
383 1744 416 1792 de
428 1746 630 1808 oppugnatione
656 1747 749 1796 silium
761 1745 895 1793 velitisne
909 1747 1069 1808 priusquam
1086 1745 1195 1794 finitimi

89 1815 303 1867 castrorum,aut
314 1810 416 1872 judicio
428 1816 476 1858 aut
488 1810 630 1858 voluntate
656 1812 781 1870 sentiant,
792 1811 903 1859 eductos
912 1825 947 1858 ex
960 1809 1081 1860 hibernis
1092 1811 1195 1859 milites

88 1889 153 1926 mea
163 1873 219 1923 feci
230 1875 269 1937 (Ο.
282 1874 312 1924 0.
323 1873 502 1923 fecerit—not
519 1872 631 1922 fecisset
655 1876 748 1924 autad
760 1876 916 1925 Ciceronem
928 1881 976 1924 aut
993 1874 1027 1923 ad
1045 1875 1194 1924 Labienum

88 1941 160 2004 —by
169 1940 398 2003 Repraesentatio,
406 1939 496 1988 which
508 1954 630 1988 assumes
655 1941 931 2003 deducere,1qu0rum
950 1941 1019 1989 alter
1036 1941 1111 1988 milia
1134 1955 1194 2003 pas-

89 2006 139 2054 the
151 2006 226 2067 point
238 2006 268 2053 ot
283 2006 353 2053 view
365 2007 396 2052 ot
412 2003 459 2052 the
477 2005 591 2067 speaker
602 2012 630 2052 to
655 2021 736 2055 sunm
759 2007 864 2054 circiter
892 2006 1098 2068 quinquaginta,
1125 2006 1194 2054 alter

89 2071 138 2120 the
158 2070 297 2119 extentos
320 2070 367 2118 the
385 2073 462 2118 tense
479 2070 532 2117 and
552 2071 630 2132 gives
657 2071 739 2133 paulo
751 2071 993 2133 ampliusavobis
1006 2071 1092 2119 abest.
1127 2072 1193 2118 Hoo

90 2141 198 2200 greater
215 2135 354 2183 liveliness
374 2134 428 2182 and
450 2134 584 2183 elearnens
602 2139 630 2182 to
657 2135 795 2196 polliceor
812 2140 840 2183 et
859 2135 1040 2198 jurejurando
1056 2133 1192 2184 confirmo

90 2201 140 2250 the
155 2200 311 2261 discourse),
323 2199 370 2250 scd
389 2204 480 2247 coactu
497 2199 630 2257 civitatla;
654 2212 700 2246 me
708 2202 765 2261 (not
777 2214 806 2248 so
818 2198 921 2260 readily
933 2198 1047 2246 omitted
1058 2211 1088 2246 as
1099 2200 1138 2256 se)
1152 2204 1193 2244 tu-

89 2279 209 2327 meaque
226 2270 290 2314 sunt
310 2264 444 2328 ejusmodi
467 2265 582 2326 imperia
598 2269 629 2311 ut
655 2271 714 2313 tum
724 2265 775 2312 iter
784 2263 908 2326 perfines
916 2263 1043 2310 daturum
1052 2261 1123 2325 qnod
1132 2277 1193 2310 eum

90 2346 145 2382 non
157 2333 247 2379 minus
259 2330 362 2377 habeat
377 2329 447 2392 juris
464 2330 492 2376 in
504 2342 549 2376 ms
560 2328 630 2376 mul·
654 2329 726 2377 facio
737 2329 810 2390 lcum
821 2327 888 2376 with
906 2327 953 2376 the
971 2334 1080 2389 present
1095 2326 1195 2373 indit-a-

90 2396 181 2446 titudo
198 2410 280 2458 quam
299 2407 350 2455 ego
367 2395 396 2441 in
413 2394 626 2442 multitudinem.
655 2396 712 2443 tive
724 2393 935 2442 otaeoincidenr
947 2393 1044 2450 aetion,
1056 2391 1087 2439 G.
1098 2391 1155 2453 583)
1167 2395 1195 2438 et

90 2460 306 2526 (Thenatas
323 2460 393 2520 ipse.
426 2460 490 2519 Ipse
502 2459 566 2506 does
583 2463 630 2507 not
656 2460 759 2508 civitati
772 2458 888 2505 consulo
899 2457 971 2519 qnod
986 2456 1107 2505 hibernis
1119 2457 1195 2502 leva·

91 2526 193 2589 simply
205 2530 343 2588 represent
355 2538 414 2586 ego.
447 2524 509 2573 Still
521 2524 567 2571 the
580 2524 630 2572 dis
656 2529 701 2571 tur
713 2525 828 2587 (livelier
840 2521 906 2570 than
918 2522 1031 2568 levetur
1041 2535 1071 2569 or
1087 2519 1195 2568 levabi-

90 2592 205 2641 tinction
222 2592 246 2638 is
266 2590 430 2652 sufficiently
447 2587 565 2652 brought
582 2592 630 2636 out
656 2593 711 2650 tur)
725 2594 752 2637 et
764 2587 871 2637 Caesari
888 2601 937 2650 pro
949 2588 1010 2650 ejus
1022 2586 1126 2634 meritis
1137 2601 1196 2650 gra-

92 2656 208 2705 without
219 2655 279 2717 ipse
289 2657 316 2703 in
326 2655 355 2704 Ο.
364 2655 405 2717 R.)
428 2654 540 2702 Civitati
552 2668 631 2716 porro
657 2656 723 2702 tiam
734 2652 833 2700 refero.

90 2723 163 2770 haec
179 2720 230 2768 tuit
247 2720 313 2769 belli
327 2733 416 2782 causa,
428 2719 500 2782 quod
517 2719 631 2780 repenti-
690 2718 722 2744 ²³⁰
735 2716 881 2779 Stipendio
892 2717 1042 2767 liberatus:
1059 2717 1106 2765 Ab
1117 2717 1194 2764 ornit-

91 2803 143 2836 rrae
155 2786 296 2835 Gallorum
308 2785 488 2848 conjurationi
506 2785 630 2832 resistere
657 2785 701 2832 ted
715 2783 783 2832 with
795 2800 810 2830 a
822 2783 910 2846 thing.
946 2783 977 2832 (l⁴
992 2783 1048 2833 388.

91 2868 146 2901 non
162 2852 255 2912 potuit
271 2850 352 2912 (0.0.
371 2848 500 2912 potuerit,
518 2849 632 2910 Reprae-
690 2847 723 2875 ³²⁴⁰
736 2848 871 2897 Obsllum
903 2860 1034 2897 numero:
1076 2847 1107 2895 In
1140 2846 1196 2895 this

92 2916 226 2978 sentatio).
263 2915 294 2964 Id
318 2915 400 2963 facile
418 2930 451 2962 cx
475 2913 631 2962 humilitate
657 2914 755 2977 phrase
777 2916 807 2960 in
827 2914 850 2962 is
870 2927 944 2960 more
956 2914 1109 2975 commonly
1120 2913 1194 2959 omit·

91 2997 154 3031 mea
165 2982 278 3044 probare
289 2980 488 3042 possum‚quod
500 2995 553 3027 non
566 2979 631 3026 adeo
657 2980 702 3027 ted
720 2979 815 3042 (comp.
831 2993 852 3027 c.
865 2993 899 3036 u,
912 2977 967 3037 91),
983 2977 1048 3026 659.
1094 2978 1124 3026 G.
1137 2976 1192 3032 334,

91 3061 154 3096 sum
165 3047 417 3108 imperitnsreru1n‚
428 3051 458 3093 ut
469 3045 539 3091 meis
548 3045 632 3106 copiis
657 3043 689 3093 R.

92 3112 226 3175 populum
244 3111 396 3159 Romanum
413 3110 536 3172 superari
553 3123 631 3171 posse
691 3108 721 3135 ⁸⁴⁰
734 3110 767 3156 In
779 3108 916 3157 servitute
931 3112 960 3154 et
976 3106 1096 3156 catenis:
1115 3107 1139 3155 A
1151 3106 1197 3154 cli·

92 3175 241 3226 confidam.
265 3175 317 3225 Sed
326 3179 369 3222 est
377 3175 482 3223 Calliae
491 3188 632 3223 commune
657 3190 730 3233 max,
744 3173 988 3236 notahendiadys.
1022 3173 1054 3221 G.
1067 3173 1122 3222 695.

92 3241 250 3301 consillum
266 3241 392 3289 omnibus
404 3239 525 3288 hibernis
538 3240 631 3288 Caesa·
691 3239 720 3265 ³⁴¹
731 3241 871 3287 Aut—aut
882 3239 905 3286 is
918 3239 995 3285 often
1007 3237 1074 3288 used
1092 3243 1117 3285 to
1135 3237 1196 3287 sub·

92 3309 130 3357 ris
142 3306 331 3370 oppugnandis
343 3304 389 3352 hic
401 3308 444 3352 est
461 3304 552 3352 dictus
565 3303 632 3366 dies,
658 3305 748 3353 divide
760 3319 777 3352 a
794 3304 928 3367 negative,
940 3318 961 3352 c.
977 3304 1041 3362 xvi,
1056 3302 1122 3351 238.
1163 3300 1194 3352 d.

91 3387 193 3434 nequa
209 3372 281 3435 legio
293 3371 394 3419 alterae
406 3369 475 3432 (rare
493 3369 633 3418 iorm=al-
658 3370 713 3419 444.

92 3438 154 3496 teri)
168 3437 268 3500 legioni
286 3435 406 3485 subsidio
422 3435 513 3484 venire
530 3439 629 3497 posset.
691 3433 798 3482 8ηΝοιι
824 3433 1047 3493 nunus-quam:
1081 3436 1126 3482 not
1151 3431 1199 3482 lese

92 3503 155 3553 Non
167 3502 247 3550 facile
256 3499 335 3551 Galli
346 3500 432 3548 Gallis
445 3514 544 3564 negare
552 3502 633 3560 potu·
659 3499 898 3564 (quiteasmuchl.
934 3500 964 3547 (l.
980 3499 1037 3557 647,
1052 3498 1083 3548 R.
1098 3498 1121 3548 5.

92 3571 182 3630 erunt,
194 3567 352 3630 praesertim
365 3580 425 3612 curn
438 3565 472 3612 de
484 3566 632 3627 reciperan-
692 3563 725 3590 ³⁴³
738 3565 820 3611 Hanc
833 3577 958 3611 causam:
971 3564 1054 3611 Hane
1067 3560 1196 3610 attracted

90 3634 128 3683 da
139 3633 274 3682 communi
292 3631 416 3678 libertate
430 3630 572 3678 consillum
584 3630 633 3676 lni-
659 3631 717 3678 into
737 3629 783 3677 tho
803 3629 904 3692 gender
923 3630 952 3675 ot
970 3641 1062 3676 causa.
1096 3628 1127 3676 d.
1140 3625 1196 3685 Cot),

93 3703 152 3748 tum
162 3697 308 3746 videretur.
331 3694 437 3758 Quibus
447 3696 575 3757 quoniam
586 3709 634 3753 pro
661 3695 693 3743 R.
706 3695 728 3742 4.

91 3764 193 3828 pietate
211 3757 341 3821 satisfeci,
353 3760 443 3806 habeo
464 3774 536 3806 nuuc
555 3760 633 3806 ratio·
694 3759 723 3785 ³²⁴
737 3757 991 3818 Quod-··potuerit:
1013 3757 1191 3806 Tlnrt—anob

91 3841 156 3879 nem
175 3826 255 3876 officii
275 3840 323 3888 pro
341 3824 477 3872 beneficiis
495 3824 634 3882 Caesaris;
660 3825 715 3888 ject
724 3824 823 3880 clause,
831 3823 877 3870 the
885 3822 1045 3871 antecedent
1055 3822 1200 3880 beinghoo

352 3905 370 3961 2
